[gd_scene load_steps=2 format=2]

[ext_resource path="res://Themes/dark-button-theme.tres" type="Theme" id=1]

[node name="Panel" type="Control"]
anchor_right = 1.0
anchor_bottom = 1.0

[node name="TabContainer" type="TabContainer" parent="."]
margin_right = 1021.0
margin_bottom = 601.0
theme = ExtResource( 1 )

[node name="VBoxContainer" type="VBoxContainer" parent="TabContainer"]
anchor_right = 1.0
anchor_bottom = 1.0
margin_left = 2.0
margin_top = 24.0
margin_right = -2.0
margin_bottom = -2.0
theme = ExtResource( 1 )

[node name="Button" type="Button" parent="TabContainer/VBoxContainer"]
margin_right = 1017.0
margin_bottom = 25.0

[node name="Button2" type="Button" parent="TabContainer/VBoxContainer"]
margin_top = 29.0
margin_right = 1017.0
margin_bottom = 54.0

[node name="Button3" type="Button" parent="TabContainer/VBoxContainer"]
margin_top = 58.0
margin_right = 1017.0
margin_bottom = 83.0

[node name="Button4" type="Button" parent="TabContainer/VBoxContainer"]
margin_top = 87.0
margin_right = 1017.0
margin_bottom = 112.0

[node name="Button5" type="Button" parent="TabContainer/VBoxContainer"]
margin_top = 116.0
margin_right = 1017.0
margin_bottom = 141.0

[node name="Button6" type="Button" parent="TabContainer/VBoxContainer"]
margin_top = 145.0
margin_right = 1017.0
margin_bottom = 170.0

[node name="Button7" type="Button" parent="TabContainer/VBoxContainer"]
margin_top = 174.0
margin_right = 1017.0
margin_bottom = 199.0

[node name="Button8" type="Button" parent="TabContainer/VBoxContainer"]
margin_top = 203.0
margin_right = 1017.0
margin_bottom = 228.0
